@inproceedings{chen2011framework,
  title        = {A framework for browser-based Multiplayer Online Games using WebGL and WebSocket},
  author       = {Chen, Bijin and Xu, Zhiqi},
  booktitle    = {2011 International Conference on Multimedia Technology},
  pages        = {471--474},
  year         = {2011},
  organization = {IEEE}
}
