@inproceedings{maodv01,
  author    = {M. S. M. {Ali} and G. M. T. {Abdalla} and M. A. H. {Abbas}},
  booktitle = {2018 International Conference on Computer, Control, Electrical, and Electronics Engineering (ICCCEEE)},
  title     = {{Modified Ad hoc On-Demand Distance Vector (MAODV)Protocol}},
  year      = {2018},
  volume    = {},
  number    = {},
  pages     = {1-6},
  doi       = {10.1109/ICCCEEE.2018.8515831}
},

@article{path_maodv_1,
  title   = {{A survey of multicast routing protocols in Ad-hoc networks}},
  author  = {AKCAYOL, M Ali and BAKER, Mohammed and AKCAYOL, Mehmet},
  journal = {Gazi University Journal of Science},
  volume  = {24},
  number  = {3},
  pages   = {451--462},
  year    = {2011}
},

@inproceedings{path_aodv_1,
  title        = {Distance based dual path ad hoc on demand distance vector routing protocol for mobile ad hoc networks},
  author       = {Dorathy, PE Irin and Chandrasekaran, M},
  booktitle    = {2017 4th International Conference on Advanced Computing and Communication Systems (ICACCS)},
  pages        = {1--6},
  year         = {2017},
  organization = {IEEE}
},

@inproceedings{multicast_types,
  author    = {A. {Kaur} and G. {Kaur}},
  booktitle = {2016 International Conference on Inventive Computation Technologies (ICICT)},
  title     = {{Highlighting the efficient multicast routing algorithms in mobile ad-hoc network}},
  year      = {2016},
  volume    = {1},
  number    = {},
  pages     = {1-6},
  doi       = {10.1109/INVENTIVE.2016.7823215}
}